@book{clrs,
  author = 
  "T.~H. Cormen and C.~E. Leiserson and R.~L. Rivest and C.~Stein",
  edition = "3rd",
  publisher = "The MIT Press",
  title = "Introduction to Algorithms",
  year = "2009",
  isbn = "978-0-262-03384-8"
}

@book{dp4ds,
  author = "Dung X. Nguyen and J. Stanley Warford",
  edition = "Prepublication manuscript",
  publisher = "Pepperdine",
  title = "Design Patterns for Data Structures",
  year = "2019",
}

@article{Gries1995145,
  title = "Equational propositional logic ",
  journal = "Information Processing Letters ",
  volume = "53",
  number = "3",
  pages = "145 - 152",
  year = "1995",
  author = "David Gries and Fred B. Schneider",
}

@book{GoF,
  author =
  {Erich Gamma and Richard Helm and Ralph Johnson and John Vlissides},
  title =
  {Design Patterns: Elements of Reusable Object-Oriented Software},
  publisher = {Addison-Wesley},
  year = {1995},
  isbn = {0-201-63361-2}
}

@misc{Clang, 
    author={The Clang Team},
    url={https://clang.llvm.org/docs/CommandGuide/clang.html}, 
    title={Clang 18.0.0git documentation},
    journal={Clang}
} 

@misc{GeeksforGeeks_Heap, 
    title={Heap Sort},
    url={https://www.geeksforgeeks.org/heap-sort/}, 
    journal={GeeksforGeeks}, 
    author={GeeksforGeeks}, 
} 

@misc{Choueiry_2020, 
    title={Residual Standard Deviation/Error}, 
    url={https://quantifyinghealth.com/residual-standard-deviation-error/}, 
    journal={Quantifying Health}, 
    publisher={Quantifying Health}, 
    author={Choueiry, George}, 
} 

@article{Musser1997IntrospectiveSA,
  title={Introspective Sorting and Selection Algorithms},
  author={David R. Musser},
  journal={Software: Practice and Experience},
  year={1997},
  volume={27},
  url={https://api.semanticscholar.org/CorpusID:18215180}
}

